@inproceedings{Horvath2014-dasc,
  doi = {10.1109/dasc.2014.6979616},
  url = {http://dx.doi.org/10.1109/DASC.2014.6979616},
  year  = {2014},
  month = {Oct},
  publisher = {Institute of Electrical {\&} Electronics Engineers ({IEEE})},
  author = {{\'A}kos Horv{\'a}th and {\'A}bel Heged{\"u}s and M{\'a}rton B{\'u}r and D{\'a}niel Varr{\'o}},
  title = {Hardware-software allocation specification of {IMA} systems for early simulation},
  booktitle = {2014 {IEEE}/{AIAA} 33rd Digital Avionics Systems Conference ({DASC})}
}





@inproceedings{Szarnyas-ttc15,
  author    = {G{\'{a}}bor Sz{\'{a}}rnyas and
               M{\'{a}}rton B{\'{u}}r and
               Istv{\'{a}}n R{\'{a}}th},
  title     = {Train Benchmark Case: an {EMF-INCQUERY} Solution},
  booktitle = {Proceedings of the 8th Transformation Tool Contest, a part of the
               Software Technologies: Applications and Foundations {(STAF} 2015)
               federation of conferences, L'Aquila, Italy, July 24, 2015.},
  pages     = {157--166},
  year      = {2015},
  crossref  = {DBLP:conf/staf/2015ttc},
  url       = {http://ceur-ws.org/Vol-1524/paper19.pdf},
  timestamp = {Fri, 11 Dec 2015 15:16:31 +0100},
  biburl    = {http://dblp.uni-trier.de/rec/bib/conf/staf/SzarnyasBR15},
  bibsource = {dblp computer science bibliography, http://dblp.org}
}
@proceedings{DBLP:conf/staf/2015ttc,
  editor    = {Louis M. Rose and
               Tassilo Horn and
               Filip Krikava},
  title     = {Proceedings of the 8th Transformation Tool Contest, a part of the
               Software Technologies: Applications and Foundations {(STAF} 2015)
               federation of conferences, L'Aquila, Italy, July 24, 2015},
  series    = {{CEUR} Workshop Proceedings},
  volume    = {1524},
  publisher = {CEUR-WS.org},
  year      = {2015},
  url       = {http://ceur-ws.org/Vol-1524},
  timestamp = {Fri, 11 Dec 2015 15:14:39 +0100},
  biburl    = {http://dblp.uni-trier.de/rec/bib/conf/staf/2015ttc},
  bibsource = {dblp computer science bibliography, http://dblp.org}
}





@inproceedings{Bur-localsearch-tooling,
	author    = {M{\'{a}}rton B{\'{u}}r and
	Zolt{\'{a}}n Ujhelyi and
	{\'{A}}kos Horv{\'{a}}th and
	D{\'{a}}niel Varr{\'{o}}},
	title     = {Local Search-Based Pattern Matching Features in EMF-IncQuery},
	booktitle = {Graph Transformation - 8th International Conference, {ICGT} 2015,
	Held as Part of {STAF} 2015, L'Aquila, Italy, July 21-23, 2015. Proceedings},
	pages     = {275--282},
	year      = {2015},
	crossref  = {DBLP:conf/gg/2015},
	url       = {http://dx.doi.org/10.1007/978-3-319-21145-9_18},
	doi       = {10.1007/978-3-319-21145-9_18},
	timestamp = {Thu, 30 Jul 2015 12:17:44 +0200},
	biburl    = {http://dblp.uni-trier.de/rec/bib/conf/gg/BurUHV15},
	bibsource = {dblp computer science bibliography, http://dblp.org}
}
@proceedings{DBLP:conf/gg/2015,
	editor    = {Francesco Parisi{-}Presicce and
	Bernhard Westfechtel},
	title     = {Graph Transformation - 8th International Conference, {ICGT} 2015,
	Held as Part of {STAF} 2015, L'Aquila, Italy, July 21-23, 2015. Proceedings},
	series    = {Lecture Notes in Computer Science},
	volume    = {9151},
	publisher = {Springer},
	year      = {2015},
	url       = {http://dx.doi.org/10.1007/978-3-319-21145-9},
	doi       = {10.1007/978-3-319-21145-9},
	isbn      = {978-3-319-21144-2},
	timestamp = {Thu, 30 Jul 2015 12:13:40 +0200},
	biburl    = {http://dblp.uni-trier.de/rec/bib/conf/gg/2015},
	bibsource = {dblp computer science bibliography, http://dblp.org}
}